<?xml version="1.0" encoding="UTF-8"?><collection xmlns="http://www.loc.gov/MARC21/slim"><record><leader>00372nam--2200121-i-4500</leader><controlfield tag="001">000042773</controlfield><controlfield tag="002">20161230</controlfield><controlfield tag="005">20161230201043</controlfield><controlfield tag="008">060222s1000------------r-----000-0-eng-d</controlfield><datafield ind1=" " ind2=" " tag="080"><subfield code="a">621.039.003.2</subfield></datafield><datafield ind1=" " ind2=" " tag="245"><subfield code="a">Steering committee for nuclear energy. estimated expenditure for the financial year 1968</subfield></datafield><datafield ind1=" " ind2=" " tag="260"><subfield code="a">Paris, European Nuclear Energy Agency, 1967. 28 P</subfield></datafield><datafield ind1=" " ind2=" " tag="852"><subfield code="a">28292</subfield></datafield></record></collection>